{
  "leader": "03596cam a22006011a 4500",
  "fields": [
    {
      "001": "ocm00175625\\"
    },
    {
      "003": "OCoLC"
    },
    {
      "005": "20211229165327.0"
    },
    {
      "008": "710311s1968\\\\\\\\nyu\\\\\\\\\\\\b\\\\\\\\001\\0\\eng\\\\"
    },
    {
      "010": {
        "ind1": "\\",
        "ind2": "\\",
        "subfields": [
          {
            "a": "   68027794 "
          }
        ]
      }
    },
    {
      "040": {
        "ind1": "\\",
        "ind2": "\\",
        "subfields": [
          {
            "a": "DLC"
          },
          {
            "b": "eng"
          },
          {
            "c": "DLC"
          },
          {
            "d": "MUQ"
          },
          {
            "d": "NLM"
          },
          {
            "d": "BAKER"
          },
          {
            "d": "BTCTA"
          },
          {
            "d": "OCLCG"
          },
          {
            "d": "TLE"
          },
          {
            "d": "DEBBG"
          },
          {
            "d": "GZM"
          },
          {
            "d": "YDXCP"
          },
          {
            "d": "OCLCF"
          },
          {
            "d": "YBM"
          },
          {
            "d": "OCLCQ"
          },
          {
            "d": "RCT"
          },
          {
            "d": "OCLCQ"
          },
          {
            "d": "DEBSZ"
          },
          {
            "d": "KKX"
          },
          {
            "d": "OCLCO"
          },
          {
            "d": "NLC"
          },
          {
            "d": "OCLCO"
          },
          {
            "d": "DHA"
          },
          {
            "d": "OCLCA"
          },
          {
            "d": "OCLCQ"
          },
          {
            "d": "CSJ"
          },
          {
            "d": "OCLCQ"
          },
          {
            "d": "XFF"
          },
          {
            "d": "OCLCQ"
          },
          {
            "d": "CCH"
          },
          {
            "d": "CEF"
          },
          {
            "d": "TKN"
          },
          {
            "d": "BOS"
          },
          {
            "d": "CNO"
          },
          {
            "d": "CSA"
          },
          {
            "d": "TYC"
          },
          {
            "d": "HCO"
          },
          {
            "d": "MRM"
          },
          {
            "d": "FQG"
          },
          {
            "d": "LHU"
          },
          {
            "d": "OCLCQ"
          },
          {
            "d": "CPS"
          },
          {
            "d": "CPO"
          },
          {
            "d": "NAM"
          },
          {
            "d": "PAU"
          },
          {
            "d": "TWJ"
          },
          {
            "d": "XIM"
          },
          {
            "d": "QE2"
          },
          {
            "d": "SNN"
          },
          {
            "d": "OCLCQ"
          },
          {
            "d": "PZW"
          },
          {
            "d": "NJR"
          },
          {
            "d": "BUB"
          },
          {
            "d": "ALV"
          },
          {
            "d": "ZJA"
          },
          {
            "d": "JDP"
          },
          {
            "d": "AL5CM"
          },
          {
            "d": "VAN"
          },
          {
            "d": "TOF"
          },
          {
            "d": "JG0"
          },
          {
            "d": "CWY"
          },
          {
            "d": "WYU"
          },
          {
            "d": "EUQ"
          },
          {
            "d": "DXU"
          },
          {
            "d": "CN4X3"
          },
          {
            "d": "UWO"
          },
          {
            "d": "MTU"
          },
          {
            "d": "IOG"
          },
          {
            "d": "YOU"
          },
          {
            "d": "NZ1"
          },
          {
            "d": "HV6"
          },
          {
            "d": "RVA"
          },
          {
            "d": "SQP"
          },
          {
            "d": "CWI"
          },
          {
            "d": "TFW"
          },
          {
            "d": "WUX"
          },
          {
            "d": "OCLCQ"
          },
          {
            "d": "IOB"
          },
          {
            "d": "EZC"
          },
          {
            "d": "LGG"
          },
          {
            "d": "PUG"
          },
          {
            "d": "OCLCQ"
          },
          {
            "d": "YBM"
          },
          {
            "d": "OCLCQ"
          },
          {
            "d": "AZU"
          },
          {
            "d": "ROB"
          },
          {
            "d": "LENOT"
          },
          {
            "d": "W2U"
          },
          {
            "d": "CBA"
          },
          {
            "d": "DKC"
          },
          {
            "d": "MBB"
          },
          {
            "d": "GZN"
          },
          {
            "d": "OCLCQ"
          },
          {
            "d": "CAOXN"
          },
          {
            "d": "UKMGB"
          },
          {
            "d": "MMM"
          },
          {
            "d": "IL4J6"
          },
          {
            "d": "OCLCO"
          },
          {
            "d": "AGL"
          }
        ]
      }
    },
    {
      "016": {
        "ind1": "\\",
        "ind2": "\\",
        "subfields": [
          {
            "a": "(AMICUS)000001550036"
          }
        ]
      }
    },
    {
      "016": {
        "ind1": "7",
        "ind2": "\\",
        "subfields": [
          {
            "a": "0171370"
          },
          {
            "2": "DNLM"
          }
        ]
      }
    },
    {
      "016": {
        "ind1": "7",
        "ind2": "\\",
        "subfields": [
          {
            "a": "013881383"
          },
          {
            "2": "Uk"
          }
        ]
      }
    },
    {
      "019": {
        "ind1": "\\",
        "ind2": "\\",
        "subfields": [
          {
            "a": "7019051"
          },
          {
            "a": "7162604"
          },
          {
            "a": "16882810"
          },
          {
            "a": "234291892"
          },
          {
            "a": "1006446598"
          },
          {
            "a": "1055431145"
          },
          {
            "a": "1152922295"
          },
          {
            "a": "1166462137"
          },
          {
            "a": "1166509085"
          },
          {
            "a": "1201922688"
          }
        ]
      }
    },
    {
      "020": {
        "ind1": "\\",
        "ind2": "\\",
        "subfields": [
          {
            "a": "0684717530"
          }
        ]
      }
    },
    {
      "020": {
        "ind1": "\\",
        "ind2": "\\",
        "subfields": [
          {
            "a": "9780684717531"
          }
        ]
      }
    },
    {
      "020": {
        "ind1": "\\",
        "ind2": "\\",
        "subfields": [
          {
            "a": "0684310317"
          }
        ]
      }
    },
    {
      "020": {
        "ind1": "\\",
        "ind2": "\\",
        "subfields": [
          {
            "a": "9780684310312"
          }
        ]
      }
    },
    {
      "035": {
        "ind1": "\\",
        "ind2": "\\",
        "subfields": [
          {
            "a": "(OCoLC)175625"
          },
          {
            "z": "(OCoLC)7019051"
          },
          {
            "z": "(OCoLC)7162604"
          },
          {
            "z": "(OCoLC)16882810"
          },
          {
            "z": "(OCoLC)234291892"
          },
          {
            "z": "(OCoLC)1006446598"
          },
          {
            "z": "(OCoLC)1055431145"
          },
          {
            "z": "(OCoLC)1152922295"
          },
          {
            "z": "(OCoLC)1166462137"
          },
          {
            "z": "(OCoLC)1166509085"
          },
          {
            "z": "(OCoLC)1201922688"
          }
        ]
      }
    },
    {
      "050": {
        "ind1": "\\",
        "ind2": "4",
        "subfields": [
          {
            "a": "HM856"
          },
          {
            "b": ".D87"
          }
        ]
      }
    },
    {
      "055": {
        "ind1": "\\",
        "ind2": "0",
        "subfields": [
          {
            "a": "HM206"
          },
          {
            "b": ".D87"
          }
        ]
      }
    },
    {
      "060": {
        "ind1": "0",
        "ind2": "0",
        "subfields": [
          {
            "a": "QH 368"
          },
          {
            "b": "D817s 1968"
          }
        ]
      }
    },
    {
      "070": {
        "ind1": "\\",
        "ind2": "\\",
        "subfields": [
          {
            "a": "HM206.D8"
          }
        ]
      }
    },
    {
      "082": {
        "ind1": "0",
        "ind2": "0",
        "subfields": [
          {
            "a": "301.3"
          },
          {
            "b": "DUB"
          }
        ]
      }
    },
    {
      "100": {
        "ind1": "1",
        "ind2": "\\",
        "subfields": [
          {
            "a": "Dubos, Rene\u0301 J."
          },
          {
            "q": "(Rene\u0301 Jules),"
          },
          {
            "d": "1901-1982."
          }
        ]
      }
    },
    {
      "245": {
        "ind1": "1",
        "ind2": "0",
        "subfields": [
          {
            "a": "So human an animal /"
          },
          {
            "c": "Rene\u0301 Dubos."
          }
        ]
      }
    },
    {
      "260": {
        "ind1": "\\",
        "ind2": "\\",
        "subfields": [
          {
            "a": "New York :"
          },
          {
            "b": "Scribner,"
          },
          {
            "c": "\u00a91968."
          }
        ]
      }
    },
    {
      "300": {
        "ind1": "\\",
        "ind2": "\\",
        "subfields": [
          {
            "a": "xiv, 267 pages ;"
          },
          {
            "c": "24 cm"
          }
        ]
      }
    },
    {
      "336": {
        "ind1": "\\",
        "ind2": "\\",
        "subfields": [
          {
            "a": "text"
          },
          {
            "b": "txt"
          },
          {
            "2": "rdacontent"
          }
        ]
      }
    },
    {
      "337": {
        "ind1": "\\",
        "ind2": "\\",
        "subfields": [
          {
            "a": "unmediated"
          },
          {
            "b": "n"
          },
          {
            "2": "rdamedia"
          }
        ]
      }
    },
    {
      "338": {
        "ind1": "\\",
        "ind2": "\\",
        "subfields": [
          {
            "a": "volume"
          },
          {
            "b": "nc"
          },
          {
            "2": "rdacarrier"
          }
        ]
      }
    },
    {
      "504": {
        "ind1": "\\",
        "ind2": "\\",
        "subfields": [
          {
            "a": "Includes bibliographical references (pages 243-257) and index."
          }
        ]
      }
    },
    {
      "505": {
        "ind1": "0",
        "ind2": "\\",
        "subfields": [
          {
            "a": "The unbelievable future -- Man's nature and human history -- Biological remembrance of things past -- The living experience -- The pursuit of significance -- The science of humanity."
          }
        ]
      }
    },
    {
      "586": {
        "ind1": "\\",
        "ind2": "\\",
        "subfields": [
          {
            "a": "Pulitzer Prize for General Nonfiction, 1969."
          }
        ]
      }
    },
    {
      "520": {
        "ind1": "\\",
        "ind2": "\\",
        "subfields": [
          {
            "a": "\"The unifying theme of this book is that all experiences leave a stamp on both physical and mental characteristics. I have placed special emphasis on the very early influences, prenatal as well as postnatal, because their effects are so profound and lasting that they have large consequences for human life. From juvenile delinquency to racial conflicts, from artistic sensibilities to national genius, few are the individual and social characteristics that are not profundly and lastingly affected by early influences.\" [Foreword]."
          }
        ]
      }
    },
    {
      "590": {
        "ind1": "\\",
        "ind2": "\\",
        "subfields": [
          {
            "a": "Library holds translations of this title in: Spanish--\u00a1Un animal tan humano...!;  Portuguese--Um animal ta\u0303o humano; French--Cet animal si humain."
          }
        ]
      }
    },
    {
      "650": {
        "ind1": "\\",
        "ind2": "0",
        "subfields": [
          {
            "a": "Human ecology."
          }
        ]
      }
    },
    {
      "650": {
        "ind1": "\\",
        "ind2": "0",
        "subfields": [
          {
            "a": "Human beings"
          },
          {
            "x": "Effect of environment on."
          }
        ]
      }
    },
    {
      "650": {
        "ind1": "\\",
        "ind2": "0",
        "subfields": [
          {
            "a": "Technology and civilization."
          }
        ]
      }
    },
    {
      "650": {
        "ind1": "\\",
        "ind2": "2",
        "subfields": [
          {
            "a": "Adaptation, Physiological"
          }
        ]
      }
    },
    {
      "650": {
        "ind1": "\\",
        "ind2": "2",
        "subfields": [
          {
            "a": "Adaptation, Psychological"
          }
        ]
      }
    },
    {
      "650": {
        "ind1": "\\",
        "ind2": "2",
        "subfields": [
          {
            "a": "Environment"
          }
        ]
      }
    },
    {
      "650": {
        "ind1": "\\",
        "ind2": "7",
        "subfields": [
          {
            "a": "Human beings"
          },
          {
            "x": "Effect of environment on."
          },
          {
            "2": "fast"
          },
          {
            "0": "(OCoLC)fst00962843"
          }
        ]
      }
    },
    {
      "650": {
        "ind1": "\\",
        "ind2": "7",
        "subfields": [
          {
            "a": "Human ecology."
          },
          {
            "2": "fast"
          },
          {
            "0": "(OCoLC)fst00962941"
          }
        ]
      }
    },
    {
      "650": {
        "ind1": "\\",
        "ind2": "7",
        "subfields": [
          {
            "a": "Technology and civilization."
          },
          {
            "2": "fast"
          },
          {
            "0": "(OCoLC)fst01145253"
          }
        ]
      }
    },
    {
      "856": {
        "ind1": "4",
        "ind2": "2",
        "subfields": [
          {
            "z": "Cornerstones of Science website"
          },
          {
            "u": "http://www.cornerstonesofscience.org/"
          }
        ]
      }
    },
    {
      "994": {
        "ind1": "\\",
        "ind2": "\\",
        "subfields": [
          {
            "a": "Z0"
          },
          {
            "b": "NYRVC"
          }
        ]
      }
    },
    {
      "948": {
        "ind1": "\\",
        "ind2": "\\",
        "subfields": [
          {
            "h": "NO HOLDINGS IN NYRVC - 1726 OTHER HOLDINGS"
          }
        ]
      }
    },
    {
      "999": {
        "ind1": "\\",
        "ind2": "\\",
        "subfields": [
          {
            "a": "00000000016868"
          },
          {
            "b": "Englsih"
          }
        ]
      }
    },
    {
      "999": {
        "ind1": "\\",
        "ind2": "\\",
        "subfields": [
          {
            "a": "00000000014987"
          },
          {
            "b": "Spanish"
          }
        ]
      }
    },
    {
      "999": {
        "ind1": "\\",
        "ind2": "\\",
        "subfields": [
          {
            "a": "00000000014983"
          },
          {
            "b": "Portuguese"
          }
        ]
      }
    },
    {
      "999": {
        "ind1": "\\",
        "ind2": "\\",
        "subfields": [
          {
            "a": "00000000014979"
          },
          {
            "b": "French"
          }
        ]
      }
    }
  ]
}